% Please download the latest anthology.bib from
%
% http://aclweb.org/anthology/anthology.bib.gz
